<record><leader>00000cas a22000007a 4500</leader><controlfield tag="001">17245961</controlfield><controlfield tag="008">871216d1895189uinuwr ne      0    0eng d</controlfield><datafield ind1=" " ind2=" " tag="010"><subfield code="a">sn 87056742 </subfield></datafield><datafield ind1=" " ind2=" " tag="040"><subfield code="a">NPI</subfield><subfield code="b">eng</subfield><subfield code="c">NPI</subfield><subfield code="d">OCLCQ</subfield><subfield code="d">UKMGB</subfield></datafield><datafield ind1="7" ind2=" " tag="016"><subfield code="a">013916422</subfield><subfield code="2">Uk</subfield></datafield><datafield ind1=" " ind2=" " tag="042"><subfield code="a">msc</subfield></datafield><datafield ind1="0" ind2=" " tag="130"><subfield code="a">Sunday post (Terre Haute, Ind.)</subfield></datafield><datafield ind1="1" ind2="4" tag="245"><subfield code="a">The Sunday post.</subfield></datafield><datafield ind1=" " ind2=" " tag="260"><subfield code="a">Terre Haute, Ind. :</subfield><subfield code="b">[s.n.]</subfield></datafield><datafield ind1=" " ind2=" " tag="310"><subfield code="a">Weekly</subfield></datafield><datafield ind1="1" ind2=" " tag="362"><subfield code="a">Began in 1895?</subfield></datafield><datafield ind1=" " ind2=" " tag="588"><subfield code="a">Description based on: 1st year, no. 34 (June 21, 1896).</subfield></datafield><datafield ind1=" " ind2=" " tag="752"><subfield code="a">United States</subfield><subfield code="b">Indiana</subfield><subfield code="c">Vigo</subfield><subfield code="d">Terre Haute.</subfield></datafield><datafield ind1="0" ind2="0" tag="785"><subfield code="t">Sunday illustrated post</subfield></datafield></record>